
</collection>
<collection xmlns="http://www.loc.gov/MARC21/slim">
<record>
  <controlfield tag="001">1881802</controlfield>
  <controlfield tag="005">20210326220327.0</controlfield>
  <datafield tag="041" ind1=" " ind2=" ">
    <subfield code="9">review</subfield>
    <subfield code="a">eng</subfield>
  </datafield>
  <datafield tag="245" ind1=" " ind2=" ">
    <subfield code="9">review</subfield>
    <subfield code="a">Interview of a physicist about accelerators / The life of an experiment (Extract)</subfield>
  </datafield>
  <datafield tag="336" ind1=" " ind2=" ">
    <subfield code="a">Multiple videos: need to be cut</subfield>
    <subfield code="b">00:00:00-00:08:05</subfield>
  </datafield>
  <datafield tag="500" ind1=" " ind2=" ">
    <subfield code="a">The video was digitized from its original recording as part of the CERN Digital Memory project </subfield>
  </datafield>
  <datafield tag="542" ind1="1" ind2=" ">
    <subfield code="9">review</subfield>
    <subfield code="d">CERN</subfield>
  </datafield>
  <datafield tag="583" ind1="1" ind2=" ">
    <subfield code="2">pda</subfield>
    <subfield code="3">Betacam SP</subfield>
    <subfield code="5">SzGeCERN</subfield>
    <subfield code="6">disks/DELIVERY47</subfield>
    <subfield code="a">digitized</subfield>
    <subfield code="b">S1V1</subfield>
    <subfield code="c">202011</subfield>
    <subfield code="f">CERN Digital Memory Project</subfield>
    <subfield code="i">OPEN-REFINE Project SUM-NOV2020</subfield>
    <subfield code="k">PICTURAE</subfield>
    <subfield code="u">https://cds.cern.ch/record/2257246</subfield>
    <subfield code="n">35,05</subfield>
    <subfield code="o">minutes</subfield>
    <subfield code="x"> High frequency interference pattern; Low RF, noisy picture</subfield>
  </datafield>
  <datafield tag="594" ind1=" " ind2=" ">
    <subfield code="9">review</subfield>
    <subfield code="a">Footage</subfield>
  </datafield>
  <datafield tag="595" ind1=" " ind2=" ">
    <subfield code="a">Betacam SP</subfield>
  </datafield>
  <datafield tag="650" ind1="2" ind2="7">
    <subfield code="9">review</subfield>
    <subfield code="a">Portraits of science</subfield>
  </datafield>
  <datafield tag="690" ind1="C" ind2=" ">
    <subfield code="9">review</subfield>
    <subfield code="a">reviewed</subfield>
  </datafield>
  <datafield tag="690" ind1="C" ind2=" ">
    <subfield code="a">movingimages</subfield>
  </datafield>
  <datafield tag="852" ind1=" " ind2=" ">
    <subfield code="a">Not-in-Inventory</subfield>
    <subfield code="c">CM-A00000364</subfield>
  </datafield>
  <datafield tag="856" ind1="4" ind2=" ">
    <subfield code="2">EOS</subfield>
    <subfield code="q">MP4</subfield>
    <subfield code="u">https://cern.ch/digital-memory/media-archive/video/cern/mp4/1881802.mp4</subfield>
    <subfield code="y">Video-CM-A00000364-002</subfield>
    <subfield code="z">mp4 video format (640x360)</subfield>
    <subfield code="w">(PICTURAE:MD5)CM-A00000364-002.mp4;ffdeee93d5e208a00ed94756b1bb8324</subfield>
  </datafield>
  <datafield tag="856" ind1="7" ind2=" ">
    <subfield code="2">EOS</subfield>
    <subfield code="q">MOV</subfield>
    <subfield code="d">/eos/media/cds/public/www/digital-memory/media-archive/video/cern/mov/1881802.mov</subfield>
    <subfield code="w">(PICTURAE:MD5)CM-A00000364-002.mov;112efeeb3ccbd9071db32d3943b1ef1d</subfield>
  </datafield>
  <datafield tag="856" ind1="7" ind2=" ">
    <subfield code="2">EOS</subfield>
    <subfield code="q">MKV</subfield>
    <subfield code="d">/eos/media/cds/public/www/digital-memory/media-archive/video/cern/mkv/1881802.mkv</subfield>
    <subfield code="w">(PICTURAE:MD5)CM-A00000364-002.mkv;4108d9466c8d3375e12d3bfa3d194780</subfield>
  </datafield>
  <datafield tag="960" ind1=" " ind2=" ">
    <subfield code="a">200</subfield>
  </datafield>
  <datafield tag="961" ind1=" " ind2=" ">
    <subfield code="a">Tom Barthelemy</subfield>
    <subfield code="b">Curator</subfield>
    <subfield code="x">2020-11-01</subfield>
  </datafield>
  <datafield tag="963" ind1=" " ind2=" ">
    <subfield code="9">review
</subfield>
    <subfield code="a">RESTRICTED</subfield>
  </datafield>
  <datafield tag="980" ind1=" " ind2=" ">
    <subfield code="a">VIDEOARC</subfield>
  </datafield>
</record>
</collection>
<collection xmlns="http://www.loc.gov/MARC21/slim">
<record>
  <controlfield tag="001">1881801</controlfield>
  <controlfield tag="005">20210326220327.0</controlfield>
  <datafield tag="500" ind1=" " ind2=" ">
    <subfield code="a">The video was digitized from its original recording as part of the CERN Digital Memory project </subfield>
  </datafield>
  <datafield tag="542" ind1="1" ind2=" ">
    <subfield code="9">review</subfield>
    <subfield code="d">CERN</subfield>
  </datafield>
  <datafield tag="583" ind1="1" ind2=" ">
    <subfield code="2">pda</subfield>
    <subfield code="3">VHS-C</subfield>
    <subfield code="5">SzGeCERN</subfield>
    <subfield code="6">disks/DELIVERY47</subfield>
    <subfield code="a">digitized</subfield>
    <subfield code="b">S1V1</subfield>
    <subfield code="c">202011</subfield>
    <subfield code="f">CERN Digital Memory Project</subfield>
    <subfield code="i">OPEN-REFINE Project SUM-NOV2020</subfield>
    <subfield code="k">PICTURAE</subfield>
    <subfield code="u">https://cds.cern.ch/record/2257246</subfield>
    <subfield code="n">16,8933333333333</subfield>
    <subfield code="o">minutes</subfield>
    <subfield code="x"> Low RF, noisy picture</subfield>
  </datafield>
  <datafield tag="594" ind1=" " ind2=" ">
    <subfield code="9">review</subfield>
    <subfield code="a">Footage</subfield>
  </datafield>
  <datafield tag="595" ind1=" " ind2=" ">
    <subfield code="a">VHS-C</subfield>
  </datafield>
  <datafield tag="650" ind1="2" ind2="7">
    <subfield code="9">review</subfield>
    <subfield code="a">Accelerators</subfield>
  </datafield>
  <datafield tag="690" ind1="C" ind2=" ">
    <subfield code="9">review</subfield>
    <subfield code="a">reviewed</subfield>
  </datafield>
  <datafield tag="690" ind1="C" ind2=" ">
    <subfield code="a">movingimages</subfield>
  </datafield>
  <datafield tag="852" ind1=" " ind2=" ">
    <subfield code="a">Not-in-Inventory</subfield>
    <subfield code="c">CM-A00000361</subfield>
  </datafield>
  <datafield tag="856" ind1="4" ind2=" ">
    <subfield code="2">EOS</subfield>
    <subfield code="q">MP4</subfield>
    <subfield code="u">https://cern.ch/digital-memory/media-archive/video/cern/mp4/1881801.mp4</subfield>
    <subfield code="y">Video-CM-A00000361-045</subfield>
    <subfield code="z">mp4 video format (640x360)</subfield>
    <subfield code="w">(PICTURAE:MD5)CM-A00000361-045.mp4;ba9eb93f650e15c38db63520b488a9dc</subfield>
  </datafield>
  <datafield tag="856" ind1="7" ind2=" ">
    <subfield code="2">EOS</subfield>
    <subfield code="q">MOV</subfield>
    <subfield code="d">/eos/media/cds/public/www/digital-memory/media-archive/video/cern/mov/1881801.mov</subfield>
    <subfield code="w">(PICTURAE:MD5)CM-A00000361-045.mov;22f209c1a5bdc82793664d2e3616765f</subfield>
  </datafield>
  <datafield tag="856" ind1="7" ind2=" ">
    <subfield code="2">EOS</subfield>
    <subfield code="q">MKV</subfield>
    <subfield code="d">/eos/media/cds/public/www/digital-memory/media-archive/video/cern/mkv/1881801.mkv</subfield>
    <subfield code="w">(PICTURAE:MD5)CM-A00000361-045.mkv;71b8e107a3a716e1d1f0c8656c80560e</subfield>
  </datafield>
  <datafield tag="960" ind1=" " ind2=" ">
    <subfield code="a">200</subfield>
  </datafield>
  <datafield tag="961" ind1=" " ind2=" ">
    <subfield code="a">Tom Barthelemy</subfield>
    <subfield code="b">Curator</subfield>
    <subfield code="x">2020-11-01</subfield>
  </datafield>
  <datafield tag="963" ind1=" " ind2=" ">
    <subfield code="9">review
</subfield>
    <subfield code="a">RESTRICTED</subfield>
  </datafield>
  <datafield tag="980" ind1=" " ind2=" ">
    <subfield code="a">VIDEOARC</subfield>
  </datafield>
</record>
</collection>
<collection xmlns="http://www.loc.gov/MARC21/slim">
<record>
  <controlfield tag="001">1881800</controlfield>
  <controlfield tag="005">20210326220327.0</controlfield>
  <datafield tag="500" ind1=" " ind2=" ">
    <subfield code="a">The video was digitized from its original recording as part of the CERN Digital Memory project </subfield>
  </datafield>
  <datafield tag="542" ind1="1" ind2=" ">
    <subfield code="9">review</subfield>
    <subfield code="d">CERN</subfield>
  </datafield>
  <datafield tag="583" ind1="1" ind2=" ">
    <subfield code="2">pda</subfield>
    <subfield code="3">VHS-C</subfield>
    <subfield code="5">SzGeCERN</subfield>
    <subfield code="6">disks/DELIVERY47</subfield>
    <subfield code="a">digitized</subfield>
    <subfield code="b">S1V1</subfield>
    <subfield code="c">202011</subfield>
    <subfield code="f">CERN Digital Memory Project</subfield>
    <subfield code="i">OPEN-REFINE Project SUM-NOV2020</subfield>
    <subfield code="k">PICTURAE</subfield>
    <subfield code="u">https://cds.cern.ch/record/2257246</subfield>
    <subfield code="n">29,0766666666667</subfield>
    <subfield code="o">minutes</subfield>
    <subfield code="x"> Low RF, noisy picture</subfield>
  </datafield>
  <datafield tag="594" ind1=" " ind2=" ">
    <subfield code="9">review</subfield>
    <subfield code="a">Footage</subfield>
  </datafield>
  <datafield tag="595" ind1=" " ind2=" ">
    <subfield code="a">VHS-C</subfield>
  </datafield>
  <datafield tag="650" ind1="2" ind2="7">
    <subfield code="9">review</subfield>
    <subfield code="a">Accelerators</subfield>
  </datafield>
  <datafield tag="690" ind1="C" ind2=" ">
    <subfield code="9">review</subfield>
    <subfield code="a">reviewed</subfield>
  </datafield>
  <datafield tag="690" ind1="C" ind2=" ">
    <subfield code="a">movingimages</subfield>
  </datafield>
  <datafield tag="852" ind1=" " ind2=" ">
    <subfield code="a">Not-in-Inventory</subfield>
    <subfield code="c">CM-A00000361</subfield>
  </datafield>
  <datafield tag="856" ind1="4" ind2=" ">
    <subfield code="2">EOS</subfield>
    <subfield code="q">MP4</subfield>
    <subfield code="u">https://cern.ch/digital-memory/media-archive/video/cern/mp4/1881800.mp4</subfield>
    <subfield code="y">Video-CM-A00000361-044</subfield>
    <subfield code="z">mp4 video format (640x360)</subfield>
    <subfield code="w">(PICTURAE:MD5)CM-A00000361-044.mp4;960bdf31382f9f2eb22f28f2fbe329ac</subfield>
  </datafield>
  <datafield tag="856" ind1="7" ind2=" ">
    <subfield code="2">EOS</subfield>
    <subfield code="q">MOV</subfield>
    <subfield code="d">/eos/media/cds/public/www/digital-memory/media-archive/video/cern/mov/1881800.mov</subfield>
    <subfield code="w">(PICTURAE:MD5)CM-A00000361-044.mov;b256d76fc55fe79478062d38d3495246</subfield>
  </datafield>
  <datafield tag="856" ind1="7" ind2=" ">
    <subfield code="2">EOS</subfield>
    <subfield code="q">MKV</subfield>
    <subfield code="d">/eos/media/cds/public/www/digital-memory/media-archive/video/cern/mkv/1881800.mkv</subfield>
    <subfield code="w">(PICTURAE:MD5)CM-A00000361-044.mkv;d7fb2bfc01f7569a1f8f4c7ceae6e225</subfield>
  </datafield>
  <datafield tag="960" ind1=" " ind2=" ">
    <subfield code="a">200</subfield>
  </datafield>
  <datafield tag="961" ind1=" " ind2=" ">
    <subfield code="a">Tom Barthelemy</subfield>
    <subfield code="b">Curator</subfield>
    <subfield code="x">2020-11-01</subfield>
  </datafield>
  <datafield tag="963" ind1=" " ind2=" ">
    <subfield code="9">review
</subfield>
    <subfield code="a">RESTRICTED</subfield>
  </datafield>
  <datafield tag="980" ind1=" " ind2=" ">
    <subfield code="a">VIDEOARC</subfield>
  </datafield>
</record>
</collection>
<collection xmlns="http://www.loc.gov/MARC21/slim">
<record>
  <controlfield tag="001">1881799</controlfield>
  <controlfield tag="005">20210326220327.0</controlfield>
  <datafield tag="500" ind1=" " ind2=" ">
    <subfield code="a">The video was digitized from its original recording as part of the CERN Digital Memory project </subfield>
  </datafield>
  <datafield tag="542" ind1="1" ind2=" ">
    <subfield code="9">review</subfield>
    <subfield code="d">CERN</subfield>
  </datafield>
  <datafield tag="583" ind1="1" ind2=" ">
    <subfield code="2">pda</subfield>
    <subfield code="3">VHS-C</subfield>
    <subfield code="5">SzGeCERN</subfield>
    <subfield code="6">disks/DELIVERY47</subfield>
    <subfield code="a">digitized</subfield>
    <subfield code="b">S1V1</subfield>
    <subfield code="c">202011</subfield>
    <subfield code="f">CERN Digital Memory Project</subfield>
    <subfield code="i">OPEN-REFINE Project SUM-NOV2020</subfield>
    <subfield code="k">PICTURAE</subfield>
    <subfield code="u">https://cds.cern.ch/record/2257246</subfield>
    <subfield code="n">3,16</subfield>
    <subfield code="o">minutes</subfield>
    <subfield code="x"> Incomplete program; Low RF, noisy picture; Videotape dubbing error</subfield>
  </datafield>
  <datafield tag="594" ind1=" " ind2=" ">
    <subfield code="9">review</subfield>
    <subfield code="a">Footage</subfield>
  </datafield>
  <datafield tag="595" ind1=" " ind2=" ">
    <subfield code="a">VHS-C</subfield>
  </datafield>
  <datafield tag="650" ind1="2" ind2="7">
    <subfield code="9">review</subfield>
    <subfield code="a">Accelerators</subfield>
  </datafield>
  <datafield tag="690" ind1="C" ind2=" ">
    <subfield code="9">review</subfield>
    <subfield code="a">reviewed</subfield>
  </datafield>
  <datafield tag="690" ind1="C" ind2=" ">
    <subfield code="a">movingimages</subfield>
  </datafield>
  <datafield tag="852" ind1=" " ind2=" ">
    <subfield code="a">Not-in-Inventory</subfield>
    <subfield code="c">CM-A00000361</subfield>
  </datafield>
  <datafield tag="856" ind1="4" ind2=" ">
    <subfield code="2">EOS</subfield>
    <subfield code="q">MP4</subfield>
    <subfield code="u">https://cern.ch/digital-memory/media-archive/video/cern/mp4/1881799.mp4</subfield>
    <subfield code="y">Video-CM-A00000361-043</subfield>
    <subfield code="z">mp4 video format (640x360)</subfield>
    <subfield code="w">(PICTURAE:MD5)CM-A00000361-043.mp4;acebe6984da249f5d22d2d59439520e9</subfield>
  </datafield>
  <datafield tag="856" ind1="7" ind2=" ">
    <subfield code="2">EOS</subfield>
    <subfield code="q">MOV</subfield>
    <subfield code="d">/eos/media/cds/public/www/digital-memory/media-archive/video/cern/mov/1881799.mov</subfield>
    <subfield code="w">(PICTURAE:MD5)CM-A00000361-043.mov;592c4a8f705e7abd8cb84e7792f06c63</subfield>
  </datafield>
  <datafield tag="856" ind1="7" ind2=" ">
    <subfield code="2">EOS</subfield>
    <subfield code="q">MKV</subfield>
    <subfield code="d">/eos/media/cds/public/www/digital-memory/media-archive/video/cern/mkv/1881799.mkv</subfield>
    <subfield code="w">(PICTURAE:MD5)CM-A00000361-043.mkv;f18c82a21d7fb56a8f539a026e8599f6</subfield>
  </datafield>
  <datafield tag="960" ind1=" " ind2=" ">
    <subfield code="a">200</subfield>
  </datafield>
  <datafield tag="961" ind1=" " ind2=" ">
    <subfield code="a">Tom Barthelemy</subfield>
    <subfield code="b">Curator</subfield>
    <subfield code="x">2020-11-01</subfield>
  </datafield>
  <datafield tag="963" ind1=" " ind2=" ">
    <subfield code="9">review
</subfield>
    <subfield code="a">RESTRICTED</subfield>
  </datafield>
  <datafield tag="980" ind1=" " ind2=" ">
    <subfield code="a">VIDEOARC</subfield>
  </datafield>
</record>